% This file was created with JabRef 2.10.
% Encoding: MacRoman


@Article{Althoff2014,
  Title                    = {Online Verification of Automated Road Vehicles Using Reachability Analysis},
  Author                   = {Althoff, M. and Dolan, J.M.},
  Journal                  = {Robotics, IEEE Transactions on},
  Year                     = {2014},

  Month                    = {Aug},
  Number                   = {4},
  Pages                    = {903-918},
  Volume                   = {30},

  Doi                      = {10.1109/TRO.2014.2312453},
  ISSN                     = {1552-3098}
}

@InProceedings{althoff2012,
  Title                    = {Reachability computation of low-order models for the safety verification of high-order road vehicle models},
  Author                   = {Althoff, Matthias and Dolan, John M},
  Booktitle                = {American Control Conference (ACC), 2012},
  Year                     = {2012},
  Organization             = {IEEE},
  Pages                    = {3559--3566}
}

@Book{Baier2008,
  Title                    = {Principles of model checking},
  Author                   = {Baier, Christel and Katoen, Joost-Pieter and others},
  Publisher                = {MIT press Cambridge},
  Year                     = {2008},
  Volume                   = {26202649}
}

@InProceedings{bllpw:dimacs95,
  Title                    = {{UPPAAL --- a Tool Suite for Automatic Verification of Real--Time Systems}},
  Author                   = {Johan Bengtsson and Kim G.\ Larsen and Fredrik Larsson and Paul Pettersson and Wang Yi},
  Booktitle                = {Proc.\ of Workshop on Verification and Control of Hybrid Systems III},
  Year                     = {1995},
  Month                    = Oct,
  Number                   = {1066},
  Pages                    = {232--243},
  Publisher                = {Springer--Verlag},
  Series                   = {Lecture Notes in Computer Science},

  Owner                    = {mokelly},
  Timestamp                = {2015.05.12}
}

@Article{Chen2015,
  Title                    = {An Intraoperative Glucose Control Benchmark for Formal Verification},
  Author                   = {Chen, S and O'Kelly, ME and Weimer, JE and Sokolsky, O and Lee, I},
  Year                     = {2015},

  Booktitle                = {5th Conference on Analysis and Design of Hybrid Systems},
  Owner                    = {mokelly},
  Publisher                = {IFAC},
  Timestamp                = {2015.05.16}
}

@InProceedings{chen2013flow,
  Title                    = {Flow*: An analyzer for non-linear hybrid systems},
  Author                   = {Chen, Xin and {\'A}brah{\'a}m, Erika and Sankaranarayanan, Sriram},
  Booktitle                = {Computer Aided Verification},
  Year                     = {2013},
  Organization             = {Springer},
  Pages                    = {258--263},

  Owner                    = {mokelly},
  Timestamp                = {2015.05.12}
}

@InProceedings{Clarke2000,
  Title                    = {Counterexample-guided abstraction refinement},
  Author                   = {Clarke, Edmund and Grumberg, Orna and Jha, Somesh and Lu, Yuan and Veith, Helmut},
  Booktitle                = {Computer aided verification},
  Year                     = {2000},
  Organization             = {Springer},
  Pages                    = {154--169}
}

@Article{Damm2001,
  Title                    = {LSCs: Breathing life into message sequence charts},
  Author                   = {Damm, Werner and Harel, David},
  Journal                  = {Formal methods in system design},
  Year                     = {2001},
  Number                   = {1},
  Pages                    = {45--80},
  Volume                   = {19},

  Publisher                = {Springer}
}

@Book{Europe.TransportDivision2007,
  Title                    = {Convention on Road Traffic of 1968 and European Agreement Supplementing the Convention (2006 Consolidated Versions)},
  Author                   = {United Nations. Economic Commission for Europe. Transport Division},
  Editor                   = {NA},
  Publisher                = {UN},
  Year                     = {2007},
  Series                   = {United Nations publication},

  ISBN                     = {9789211391244},
  Lccn                     = {2007451246},
  Url                      = {https://books.google.com/books?id=yL2QAAAAMAAJ}
}

@Article{Frazzoli2005,
  Title                    = {Maneuver-based motion planning for nonlinear systems with symmetries},
  Author                   = {Frazzoli, Emilio and Dahleh, Munther A and Feron, Eric},
  Journal                  = {Robotics, IEEE Transactions on},
  Year                     = {2005},
  Number                   = {6},
  Pages                    = {1077--1091},
  Volume                   = {21},

  Publisher                = {IEEE}
}

@InProceedings{Frazzoli2000,
  Title                    = {Robust hybrid control for autonomous vehicle motion planning},
  Author                   = {Frazzoli, Emilio and Dahleh, Munther A and Feron, Eric},
  Booktitle                = {Decision and Control, 2000. Proceedings of the 39th IEEE Conference on},
  Year                     = {2000},
  Organization             = {IEEE},
  Pages                    = {821--826},
  Volume                   = {1}
}

@InProceedings{frehse2005phaver,
  Title                    = {PHAVer: Algorithmic verification of hybrid systems past HyTech},
  Author                   = {Frehse, Goran},
  Booktitle                = {Hybrid Systems: Computation and Control},
  Year                     = {2005},
  Pages                    = {258--273},
  Publisher                = {Springer},

  Owner                    = {mokelly},
  Timestamp                = {2015.05.12}
}

@InProceedings{frehse2011spaceex,
  Title                    = {SpaceEx: Scalable verification of hybrid systems},
  Author                   = {Frehse, Goran and Le Guernic, Colas and Donz{\'e}, Alexandre and Cotton, Scott and Ray, Rajarshi and Lebeltel, Olivier and Ripado, Rodolfo and Girard, Antoine and Dang, Thao and Maler, Oded},
  Booktitle                = {Computer Aided Verification},
  Year                     = {2011},
  Organization             = {Springer},
  Pages                    = {379--395},

  Owner                    = {mokelly},
  Timestamp                = {2015.05.12}
}

@Article{2014arXiv1409.3560G,
  Title                    = {{Descriptive Control Theory: A Proposal}},
  Author                   = {{Gao}, S.},
  Journal                  = {ArXiv e-prints},
  Year                     = {2014},

  Month                    = sep,

  Adsnote                  = {Provided by the SAO/NASA Astrophysics Data System},
  Adsurl                   = {http://adsabs.harvard.edu/abs/2014arXiv1409.3560G},
  Archiveprefix            = {arXiv},
  Eprint                   = {1409.3560},
  Keywords                 = {Computer Science - Logic in Computer Science, Computer Science - Systems and Control},
  Owner                    = {mokelly},
  Primaryclass             = {cs.LO},
  Timestamp                = {2015.05.12}
}

@InProceedings{gao2013satisfiability,
  Title                    = {Satisfiability modulo odes},
  Author                   = {Gao, Sicun and Kong, Soonho and Clarke, Edmund M},
  Booktitle                = {Formal Methods in Computer-Aided Design (FMCAD), 2013},
  Year                     = {2013},
  Organization             = {IEEE},
  Pages                    = {105--112},

  Owner                    = {mokelly},
  Timestamp                = {2015.05.12}
}

@InProceedings{henzinger1997hytech,
  Title                    = {HyTech: A model checker for hybrid systems},
  Author                   = {Henzinger, Thomas A and Ho, Pei-Hsin and Wong-Toi, Howard},
  Booktitle                = {Computer aided verification},
  Year                     = {1997},
  Organization             = {Springer},
  Pages                    = {460--463},

  Owner                    = {mokelly},
  Timestamp                = {2015.05.12}
}

@InProceedings{Henzinger95,
  Title                    = {What's Decidable about Hybrid Automata?},
  Author                   = {Thomas A. Henzinger and Peter W. Kopke and Anuj Puri and Pravin Varaiya},
  Booktitle                = {Journal of Computer and System Sciences},
  Year                     = {1995},
  Pages                    = {373--382},
  Publisher                = {ACM Press},

  Owner                    = {mokelly},
  Timestamp                = {2015.05.12}
}

@InProceedings{humphrey2014formal,
  Title                    = {Formal Specification and Synthesis of Mission Plans for Unmanned Aerial Vehicles},
  Author                   = {Humphrey, Laura R and Wolff, Eric M and Topcu, Ufuk},
  Booktitle                = {2014 AAAI Spring Symposium Series},
  Year                     = {2014}
}

@InCollection{jha2007reachability,
  Title                    = {Reachability for linear hybrid automata using iterative relaxation abstraction},
  Author                   = {Jha, Sumit K and Krogh, Bruce H and Weimer, James E and Clarke, Edmund M},
  Booktitle                = {Hybrid Systems: Computation and Control},
  Publisher                = {Springer},
  Year                     = {2007},
  Pages                    = {287--300}
}

@InCollection{Klose2001,
  Title                    = {An automata based interpretation of live sequence charts},
  Author                   = {Klose, Jochen and Wittke, Hartmut},
  Booktitle                = {Tools and Algorithms for the Construction and Analysis of Systems},
  Publisher                = {Springer},
  Year                     = {2001},
  Pages                    = {512--527}
}

@Book{ko1991complexity,
  Title                    = {Complexity theory of real functions},
  Author                   = {Ko, Ker-I},
  Publisher                = {Birkhauser Boston Inc.},
  Year                     = {1991},

  Owner                    = {mokelly},
  Timestamp                = {2015.05.12}
}

@InProceedings{KongGCC15,
  Title                    = {dReach: Delta-Reachability Analysis for Hybrid Systems},
  Author                   = {Soonho Kong and Sicun Gao and Wei Chen and Edmund M. Clarke},
  Booktitle                = {Tools and Algorithms for the Construction and Analysis of Systems - 21st International Conference, {TACAS} 2015, Held as Part of the European Joint Conferences on Theory and Practice of Software, {ETAPS} 2015, London, UK, April 11-18, 2015. Proceedings},
  Year                     = {2015},
  Pages                    = {200--205},

  Owner                    = {mokelly},
  Timestamp                = {2015.05.12}
}

@Article{Larsen1997,
  Title                    = {Uppaal in a Nutshell},
  Author                   = {Larsen, Kim G and Pettersson, Paul and Yi, Wang},
  Journal                  = {International Journal on Software Tools for Technology Transfer (STTT)},
  Year                     = {1997},
  Number                   = {1},
  Pages                    = {134--152},
  Volume                   = {1},

  Publisher                = {Springer}
}

@InProceedings{liu2014towards,
  Title                    = {Towards Personalized Cancer Therapy Using Delta-Reachability Analysis},
  Author                   = {Liu, Bing and Kong, Soonho and Gao, Sicun and Zuliani, Paolo and Clarke, Edmund M},
  Booktitle                = {TACAS 2015: International Conference on Tools and Algorithms for the Construction and Analysis of Systems},
  Year                     = {2015},

  Owner                    = {mokelly},
  Timestamp                = {2015.05.12}
}

@InCollection{platzer2008keymaera,
  Title                    = {KeYmaera: A hybrid theorem prover for hybrid systems (system description)},
  Author                   = {Platzer, Andr{\'e} and Quesel, Jan-David},
  Booktitle                = {Automated Reasoning},
  Publisher                = {Springer},
  Year                     = {2008},
  Pages                    = {171--178},

  Owner                    = {mokelly},
  Timestamp                = {2015.05.12}
}

@InProceedings{Prabhakar2013,
  Title                    = {Hybrid automata-based cegar for rectangular hybrid systems},
  Author                   = {Prabhakar, Pavithra and Duggirala, Parasara Sridhar and Mitra, Sayan and Viswanathan, Mahesh},
  Booktitle                = {Verification, Model Checking, and Abstract Interpretation},
  Year                     = {2013},
  Organization             = {Springer},
  Pages                    = {48--67}
}

@Book{Rajamani2011,
  Title                    = {Vehicle dynamics and control},
  Author                   = {Rajamani, Rajesh},
  Publisher                = {Springer Science \& Business Media},
  Year                     = {2011}
}

@Article{Shoham1993,
  Title                    = {Agent-oriented programming},
  Author                   = {Shoham, Yoav},
  Journal                  = {Artificial intelligence},
  Year                     = {1993},
  Number                   = {1},
  Pages                    = {51--92},
  Volume                   = {60},

  Publisher                = {Elsevier}
}

@Article{Snider2009,
  Title                    = {Automatic steering methods for autonomous automobile path tracking},
  Author                   = {Snider, Jarrod M},
  Journal                  = {Robotics Institute, Pittsburgh, PA, Tech. Rep. CMU-RITR-09-08},
  Year                     = {2009}
}

@InCollection{Stranjak2008,
  Title                    = {Scenario Description Language for Multi-agent Systems},
  Author                   = {Stranjak, Armin and {\v{C}}avrak, Igor and {\v{Z}}agar, Mario},
  Booktitle                = {New Frontiers in Applied Artificial Intelligence},
  Publisher                = {Springer},
  Year                     = {2008},
  Pages                    = {855--864}
}

@Article{,
  Owner                    = {mokelly},
  Timestamp                = {2015.05.16}
}

