% This file was created with JabRef 2.10.
% Encoding: MacRoman


@Article{bowman:reasoning,
  Title                    = {Reasoning About Naming Systems},
  Author                   = {Mic Bowman and Saumya K. Debray and Larry L. Peterson},
  Journal                  = {ACM Trans. Program. Lang. Syst.},
  Year                     = {1993},

  Month                    = {November},
  Number                   = {5},
  Pages                    = {795-825},
  Volume                   = {15}
}

@Article{braams:babel,
  Title                    = {Babel, a Multilingual Style-Option System for Use with LaTeX's Standard Document Styles},
  Author                   = {Johannes Braams},
  Journal                  = {TUGboat},
  Year                     = {1991},

  Month                    = {June},
  Number                   = {2},
  Pages                    = {291-301},
  Volume                   = {12}
}

@InProceedings{clark:pct,
  Title                    = {Post Congress Tristesse},
  Author                   = {Malcolm Clark},
  Booktitle                = {TeX90 Conference Proceedings},
  Year                     = {1991},
  Month                    = {March},
  Organization             = {TeX Users Group},
  Pages                    = {84-89}
}

@Article{herlihy:methodology,
  Title                    = {A Methodology for Implementing Highly Concurrent Data Objects},
  Author                   = {Maurice Herlihy},
  Journal                  = {ACM Trans. Program. Lang. Syst.},
  Year                     = {1993},

  Month                    = {November},
  Number                   = {5},
  Pages                    = {745-770},
  Volume                   = {15}
}

@Book{Lamport:LaTeX,
  Title                    = {LaTeX User's Guide and Document Reference Manual},
  Author                   = {Leslie Lamport},
  Publisher                = {Addison-Wesley Publishing Company},
  Year                     = {1986},

  Address                  = {Reading, Massachusetts}
}

@Book{salas:calculus,
  Title                    = {Calculus: One and Several Variable},
  Author                   = {S.L. Salas and Einar Hille},
  Publisher                = {John Wiley and Sons},
  Year                     = {1978},

  Address                  = {New York}
}

